<record><leader>00000cas a2200000 a 4500</leader><controlfield tag="001">47032798</controlfield><controlfield tag="008">010530d18961uuuwyuwr n       0    0fin c</controlfield><datafield ind1=" " ind2=" " tag="010"><subfield code="a">sn2001061691</subfield></datafield><datafield ind1=" " ind2=" " tag="040"><subfield code="a">MHN</subfield><subfield code="b">eng</subfield><subfield code="c">MHN</subfield><subfield code="d">OCLCQ</subfield><subfield code="d">OCLCF</subfield><subfield code="d">OCLCO</subfield></datafield><datafield ind1="1" ind2=" " tag="029"><subfield code="a">AU@</subfield><subfield code="b">000022746242</subfield></datafield><datafield ind1=" " ind2=" " tag="042"><subfield code="a">pcc</subfield></datafield><datafield ind1=" " ind2=" " tag="043"><subfield code="a">n-us-wy</subfield></datafield><datafield ind1="0" ind2=" " tag="130"><subfield code="a">La&#776;nnen uutiset (Rock Springs, Wyo.)</subfield></datafield><datafield ind1="1" ind2="0" tag="245"><subfield code="a">La&#776;nnen uutiset.</subfield></datafield><datafield ind1=" " ind2=" " tag="260"><subfield code="a">Rock Springs, Wyo. :</subfield><subfield code="b">J.W. La&#776;hde and O. Massinen</subfield></datafield><datafield ind1=" " ind2=" " tag="300"><subfield code="a">v.</subfield></datafield><datafield ind1=" " ind2=" " tag="310"><subfield code="a">Weekly</subfield></datafield><datafield ind1="1" ind2=" " tag="362"><subfield code="a">Began in 1896.</subfield></datafield><datafield ind1=" " ind2=" " tag="546"><subfield code="a">In Finnish.</subfield></datafield><datafield ind1=" " ind2=" " tag="588"><subfield code="a">Description based on: 1 vuosik., no. 21 (Heinak. 29p., 1896).</subfield></datafield><datafield ind1=" " ind2="0" tag="650"><subfield code="a">Finns</subfield><subfield code="z">Wyoming</subfield><subfield code="v">Newspapers.</subfield></datafield><datafield ind1=" " ind2="0" tag="651"><subfield code="a">Rock Springs (Wyo.)</subfield><subfield code="v">Newspapers.</subfield></datafield><datafield ind1=" " ind2="7" tag="655"><subfield code="a">Newspapers.</subfield><subfield code="2">fast</subfield><subfield code="0">(OCoLC)fst01423814</subfield></datafield><datafield ind1=" " ind2="7" tag="650"><subfield code="a">Finns.</subfield><subfield code="2">fast</subfield><subfield code="0">(OCoLC)fst00925139</subfield></datafield><datafield ind1=" " ind2="7" tag="651"><subfield code="a">Wyoming.</subfield><subfield code="2">fast</subfield><subfield code="0">(OCoLC)fst01204583</subfield></datafield><datafield ind1=" " ind2="7" tag="651"><subfield code="a">Wyoming</subfield><subfield code="z">Rock Springs.</subfield><subfield code="2">fast</subfield><subfield code="0">(OCoLC)fst01210918</subfield></datafield><datafield ind1=" " ind2=" " tag="752"><subfield code="a">United States</subfield><subfield code="b">Wyoming</subfield><subfield code="d">Rock Springs.</subfield></datafield></record>